  @misc{enwiki:1301369588,
	author = "{Wikipedia contributors}",
	title = "Nitrogen-vacancy center --- {Wikipedia}{,} The Free Encyclopedia",
	year = "2025",
	url = "https://en.wikipedia.org/w/index.php?title=Nitrogen-vacancy_center&oldid=1301369588",
	note = "[Online; accessed 3-September-2025]"
}

  @misc{enwiki:1309081879,
	author = "{Wikipedia contributors}",
	title = "Photoluminescence --- {Wikipedia}{,} The Free Encyclopedia",
	year = "2025",
	howpublished = "\url{https://en.wikipedia.org/w/index.php?title=Photoluminescence&oldid=1309081879}",
	note = "[Online; accessed 4-September-2025]"
}

@article{harvie2023olia,
	title={OLIA: An open-source digital lock-in amplifier},
	author={Harvie, Andrew J and de Mello, John C},
	journal={Frontiers in Sensors},
	volume={4},
	pages={1102176},
	year={2023},
	publisher={Frontiers Media SA}
}