  @misc{enwiki:1301369588,
	author = "{Wikipedia contributors}",
	title = "Nitrogen-vacancy center --- {Wikipedia}{,} The Free Encyclopedia",
	year = "2025",
	url = "https://en.wikipedia.org/w/index.php?title=Nitrogen-vacancy_center&oldid=1301369588",
	note = "[Online; accessed 3-September-2025]"
}

  @misc{enwiki:1309081879,
	author = "{Wikipedia contributors}",
	title = "Photoluminescence --- {Wikipedia}{,} The Free Encyclopedia",
	year = "2025",
	howpublished = "\url{https://en.wikipedia.org/w/index.php?title=Photoluminescence&oldid=1309081879}",
	note = "[Online; accessed 4-September-2025]"
}

@article{harvie2023olia,
	title={OLIA: An open-source digital lock-in amplifier},
	author={Harvie, Andrew J and de Mello, John C},
	journal={Frontiers in Sensors},
	volume={4},
	pages={1102176},
	year={2023},
	publisher={Frontiers Media SA}
}

@article{haque2017overview,
	title={An overview on the formation and processing of nitrogen-vacancy photonic centers in diamond by ion implantation},
	author={Haque, Ariful and Sumaiya, Sharaf},
	journal={Journal of Manufacturing and Materials Processing},
	volume={1},
	number={1},
	pages={6},
	year={2017},
	publisher={MDPI}
}

@misc{enwiki:1301371272,
	author = "{Wikipedia contributors}",
	title = "Optically detected magnetic resonance --- {Wikipedia}{,} The Free Encyclopedia",
	year = "2025",
	howpublished = "\url{https://en.wikipedia.org/w/index.php?title=Optically_detected_magnetic_resonance&oldid=1301371272}",
	note = "[Online; accessed 6-October-2025]"
}

@article{saijo2018ac,
	title={AC magnetic field sensing using continuous-wave optically detected magnetic resonance of nitrogen-vacancy centers in diamond},
	author={Saijo, Soya and Matsuzaki, Yuichiro and Saito, Shiro and Yamaguchi, Tatsuma and Hanano, Ikuya and Watanabe, Hideyuki and Mizuochi, Norikazu and Ishi-Hayase, Junko},
	journal={Applied Physics Letters},
	volume={113},
	number={8},
	year={2018},
	publisher={AIP Publishing}
}

@article{sewani2020coherent,
	title={Coherent control of NV- centers in diamond in a quantum teaching lab},
	author={Sewani, Vikas K and Vallabhapurapu, Hyma H and Yang, Yang and Firgau, Hannes R and Adambukulam, Chris and Johnson, Brett C and Pla, Jarryd J and Laucht, Arne},
	journal={American Journal of Physics},
	volume={88},
	number={12},
	pages={1156--1169},
	year={2020},
	publisher={AIP Publishing}
}

@article{zhang2020high,
	title={High-sensitivity DC magnetic field detection with ensemble NV centers by pulsed quantum filtering technology},
	author={Zhang, Yang and Li, Zhonghao and Feng, Yuanyao and Guo, Hao and Wen, Huanfei and Tang, Jun and Liu, Jun},
	journal={Optics Express},
	volume={28},
	number={11},
	pages={16191--16201},
	year={2020},
	publisher={Optical Society of America}
}


@article{song2024enhancing,
	title={Enhancing fluorescence of diamond NV- centers for quantum sensing: a multi-layer optical antireflection coating},
	author={Song, Zhiying and Yuan, Heng and Fan, Pengcheng and Li, Mingxin and Shen, Jihongbo and Wang, Sixian and Bian, Guodong},
	journal={Diamond and Related Materials},
	volume={141},
	pages={110584},
	year={2024},
	publisher={Elsevier}
}

}

@misc{ballinger23,
	author = {J Jones and W Howden and A Murphy and others}, 
	title = {T1 relaxation time}, 
	journal = {Radiopaedia.org},
	url = {https://doi.org/10.53347/rID-25821}},
	note ={Reference article (Accessed on 13 Oct 2025)}
}